@inproceedings{glapicloud,
  added-at = {2014-01-07T00:00:00.000+0100},
  year = 2013,
  author = {Tso, Fung Po and White, David Robert and Jouet, Simon and Singer, Jeremy and Pezaros, Dimitrios P.},
  biburl = {http://www.bibsonomy.org/bibtex/24aaee7831d65ab35d506a46e349c9367/dblp},
  booktitle = {ICDCS Workshops},
  ee = {http://doi.ieeecomputersociety.org/10.1109/ICDCSW.2013.25},
  interhash = {55a48a9e41ba1faa44cc07a697a05c0b},
  intrahash = {4aaee7831d65ab35d506a46e349c9367},
  keywords = {dblp},
  pages = {108-112},
  publisher = {IEEE},
  timestamp = {2014-01-07T00:00:00.000+0100},
  title = {The Glasgow Raspberry Pi Cloud: A Scale Model for Cloud Computing Infrastructures.},
  url = "http://dblp.uni-trier.de/db/conf/icdcsw/icdcsw2013.html#TsoWJSP13",

}

@manual{picloudinc,
  title={{P}i{C}loud {I}nc. Website},
  url="http://www.picloud.com/",
  author={{PiCloud Inc.}},
  year=2013,
}

@manual{picloudblog,
  title={University of Glasgow Raspberry Pi Cloud Website},
  url="http://raspberrypicloud.wordpress.com/",
  author={White, David Robert and Tso, Fung Po and Pezaros, Dimitrios P. and Singer, Jeremy and Simpson, Robbie and Weber, Rene and Reid, Alan and Cziva, Richard and Li, Wing and Jouet, Simon},

}

@manual{trello,
  title={Trello Website},
  url="http://www.trello.com",
  author={{Fog Creek Software, Inc.}},
  year=2011

}

@manual{trellolaunch,
  title={Trello is here},
  url="http://blog.trello.com/launch/",
  author={Spolsky, Joel},
  year=2011
}

@manual{github,
  title={Git{H}ub Website},
  author={{GitHub Inc.}},
  year=2014,
  url="https://github.com"
}

@manual{python,
  title={Python},
  author={Python Software Foundation},
  year=2001,
  url="https://www.python.org",
}

@manual{django,
  title={django project website},
  author={{D}jango {S}oftware {F}oundation},
  year=2005,
  url="https://www.djangoproject.com/",
}

@manual{webpy,
  title={web.py website},
  author={Swartz, Aaron},
  url="http://webpy.org",
}

@manual{web2py,
  title={web2py website},
  author={web2py},
  year=2001,
  url="http://web2py.com",
}

@manual{rasppi,
  title={Raspberry Pi Website},
  author={The Raspberry Pi Foundation},
  year=2014,
  url="http://www.raspberrypi.org/",

}

@manual{docker,
  title={Docker Website},
  author={Docker},
  year=2014,
  url="https://www.docker.io",

}

@manual{raspbian,
  title={Raspbian Website},
  author={Raspbian},
  year=2014,
  url="http://www.raspbian.org/",

}

@manual{lxc,
  title={Linux Containers Website},
  author={Linux Containers Project},
  year=2014,
  url="https://linuxcontainers.org/",

}

@manual{mockingbird,
  title={Mockingbird Website},
  author={{Some Character LLC}},
  year=2009,
  url="https://gomockingbird.com/",

}

@manual{pycharm,
  title={{J}et{B}rains {P}y{C}harm},
  author={{J}et{B}rains s.r.o.},
  year=2000,
  url="https://www.jetbrains.com/pycharm/",

}

@manual{emacs,
  title={{GNU} {E}macs website},
  author={Harvey, Greg},
  year=1998,
  url="https://www.gnu.org/software/emacs/",

}

@manual{dockerpy,
  title={Dockerpy module repository},
  author={{Docker, Inc.}},
  year=2013,
  url="https://github.com/dotcloud/docker-py",

}

@manual{postgresql,
  title={Postgre{SQL} Website},
  author={{The PostgreSQL Global Development Group}},
  year=1996,
  url="http://www.postgresql.org/",

}

@manual{geany,
  title={Geany Website},
  author={Enrico Tr√∂ger and Matthew Brush and Colomban Wendling and Frank Lanitz and Nick Treleaven and Dominic Hopf},
  year=2006,
  url="http://www.geany.org/",

}

@manual{bootstrap,
  title={Bootstrap},
  author={{Bootstrap Core Team}},
  year=2014,
  url="http://getbootstrap.com",

}

@manual{shipyard,
  title={Shipyard Website},
  author={{Shipyard Project}},
  year=2014,
  url="http://shipyard-project.com/",

}

@manual{glaWebsite,
  title={University of {G}lasgow website},
  author={{University of Glasgow}},
  url="http://www.gla.ac.uk",

}

@manual{reddit,
  title={reddit website},
  author={{reddit, Inc.}},
  year=2014,
  url="http://www.reddit.com",

}

@manual{youtube,
  title={You{T}ube website},
  author={{YouTube LLC}},
  year=2014,
  url="http://www.youtube.com"
}